<mx:record xmlns="http://www.w3.org/TR/xhtml1/strict" xmlns:mx="http://www.loc.gov/MARC21/slim" xmlns:xsi="http://www.w3.org/2001/XMLSchema-instance"><mx:leader>00000cz   2200000n  4500</mx:leader><mx:controlfield tag="001">oca00046584 </mx:controlfield><mx:controlfield tag="005">20000317050426.0</mx:controlfield><mx:controlfield tag="008">800404n| acannaab|          |a aaa      </mx:controlfield><mx:datafield ind1=" " ind2=" " tag="010"><mx:subfield code="a">n  50011081 </mx:subfield></mx:datafield><mx:datafield ind1=" " ind2=" " tag="040"><mx:subfield code="a">DLC</mx:subfield><mx:subfield code="c">DLC</mx:subfield><mx:subfield code="d">DLC</mx:subfield><mx:subfield code="d">Uk</mx:subfield></mx:datafield><mx:datafield ind1="0" ind2=" " tag="100"><mx:subfield code="a">Thomas,</mx:subfield><mx:subfield code="c">of Celano,</mx:subfield><mx:subfield code="d">fl. 1257</mx:subfield></mx:datafield><mx:datafield ind1="0" ind2=" " tag="400"><mx:subfield code="a">Thomas of Celano,</mx:subfield><mx:subfield code="d">fl. 1257</mx:subfield><mx:subfield code="w">nnaa</mx:subfield></mx:datafield><mx:datafield ind1="0" ind2=" " tag="400"><mx:subfield code="a">Thomas,</mx:subfield><mx:subfield code="c">de Celano,</mx:subfield><mx:subfield code="d">fl. 1257</mx:subfield></mx:datafield><mx:datafield ind1="1" ind2=" " tag="400"><mx:subfield code="a">Celano, Thomas of,</mx:subfield><mx:subfield code="d">fl. 1257</mx:subfield></mx:datafield><mx:datafield ind1="0" ind2=" " tag="400"><mx:subfield code="a">Tommaso,</mx:subfield><mx:subfield code="c">da Celano,</mx:subfield><mx:subfield code="d">fl. 1257</mx:subfield></mx:datafield><mx:datafield ind1="0" ind2=" " tag="400"><mx:subfield code="a">Tomaso,</mx:subfield><mx:subfield code="c">da Celano,</mx:subfield><mx:subfield code="d">fl. 1257</mx:subfield></mx:datafield><mx:datafield ind1=" " ind2=" " tag="670"><mx:subfield code="a">His St. Francis of Assisi ... 1904.</mx:subfield></mx:datafield><mx:datafield ind1=" " ind2=" " tag="670"><mx:subfield code="a">LC data base, 9/24/86</mx:subfield><mx:subfield code="b">(hdg.: Thomas of Celano, fl. 1257; usage: Fr. Thomas of Celano; Thomas of Celano; Tommaso da Celano; Tomaso da Celano)</mx:subfield></mx:datafield><mx:datafield ind1=" " ind2=" " tag="670"><mx:subfield code="a">Encyc. Britannica, 15th ed.</mx:subfield><mx:subfield code="b">(Thomas of Celano (1200?-55?))</mx:subfield></mx:datafield><mx:datafield ind1=" " ind2=" " tag="670"><mx:subfield code="a">New Catholic encyc., c1967</mx:subfield><mx:subfield code="b">(Thomas of Celano, b. Celano, Italy, c. 1190; d. Tagliacozzo, c. 1260)</mx:subfield></mx:datafield><mx:datafield ind1=" " ind2=" " tag="670"><mx:subfield code="a">nuc86-31754: Bonaventure. Legenda maior S. Francisci, Dutch [MI] 1491</mx:subfield><mx:subfield code="b">(usage on GmC rept.: Thomas de Celano)</mx:subfield></mx:datafield><mx:datafield ind1=" " ind2=" " tag="675"><mx:subfield code="a">Collier's encyc., c1982;</mx:subfield><mx:subfield code="a">Encyc. Americana, c1982.</mx:subfield></mx:datafield><mx:datafield ind1=" " ind2=" " tag="999"><mx:subfield code="a">179</mx:subfield></mx:datafield></mx:record>